<?xml version="1.0" encoding="UTF-8"?><collection xmlns="http://www.loc.gov/MARC21/slim"><record><leader>00453nam--2200145-i-4500</leader><controlfield tag="001">000017368</controlfield><controlfield tag="002">20161230</controlfield><controlfield tag="005">20161230201032</controlfield><controlfield tag="008">060222s1000------------r-----000-0-eng-d</controlfield><datafield ind1=" " ind2=" " tag="080"><subfield code="a">621.375.826:539.216.2(043)</subfield></datafield><datafield ind1=" " ind2=" " tag="100"><subfield code="a">Gyorgy, Eniko</subfield></datafield><datafield ind1=" " ind2=" " tag="245"><subfield code="a">Sinteza, depunerea si caracterizarea filmelor subtiri cu ajutorul radiatiei laser. teza</subfield></datafield><datafield ind1=" " ind2=" " tag="260"><subfield code="a">Bucuresti, Institutul De Fizica Atomica, 1998. 130 P</subfield></datafield><datafield ind1=" " ind2=" " tag="653"><subfield code="a">Lassers, Thin Films</subfield></datafield><datafield ind1=" " ind2=" " tag="852"><subfield code="a">80887</subfield></datafield></record></collection>